@ARTICLE{Reinecke99,
   author = {Reinecke, M. and Hillebrandt, W. and Niemeyer, J. C. and Gr\"{o}bl, A},
    title = {A new model for deflagration fronts in reactive fluids},
  journal = {Astronomy and Astrophysics},
     year = 1999,
    month = May,
   volume = 347,
    pages = {724-733}
}

@book{Cormen2001,
  author = {T. H. Cormen and C. E. Leiserson and R. L. Rivest and C. Stein},
  publisher = {MIT Press},
  title = {Introduction to Algorithms},
  year = 2001,
}

@book{Osher02,
    author = {Osher, Stanley J. and Fedkiw, Ronald P.},
    publisher = {Springer},
    title = {Level Set Methods and Dynamic Implicit Surfaces},
    year = {2002}
}

@book{Sethian99,
    author = {Sethian, J. A.},
    publisher = {Cambridge University Press},
    title = {Level Set Methods and Fast Marching Methods: 
             Evolving Interfaces in Computational Geometry, 
             Fluid Mechanics, Computer Vision, and Materials Science},
    year = {1999}
}
