@article{br-refine,
  title={An algorithm for point clustering and grid generation},
  author={Berger, Marsha and Rigoutsos, Isidore},
  journal={Systems, Man and Cybernetics, IEEE Transactions on},
  volume={21},
  number={5},
  pages={1278--1286},
  year={1991},
  publisher={IEEE}
}
